@misc{DMISATPM49:online,
author = {Cristobal Tapia, Pablo San Segundo and Jorge Artied},
title = {DM\_ISA\_TPMC\_2015},
howpublished = {\url{https://oa.upm.es/42059/1/INVE_MEM_2015_225430.pdf}},
month = {},
year = {},
note = {(Accessed on 01/02/2022)}
}
@article{ReviewActionModels:article,
author = {Arora, Ankuj and Fiorino, Humbert and Pellier, Damien and MÃ©tivier, Marc and Pesty, Sylvie},
year = {2018},
month = {11},
pages = {},
title = {A Review of Learning Planning Action Models},
volume = {33},
journal = {The Knowledge Engineering Review},
doi = {10.1017/S0269888918000188}
}
@inproceedings{AutomatedKETools:inproceedings,
author = {Jilani, Rabia and Crampton, Andrew and Kitchin, D. and Vallati, Mauro},
year = {2014},
month = {06},
pages = {},
title = {Automated Knowledge Engineering Tools in Planning: State-of-the-art and Future Challenges}
}
@misc{FastDown46:online,
author = {},
title = {Fast Downward - Planning.wiki - The AI Planning \& PDDL Wiki},
howpublished = {\url{https://planning.wiki/ref/planners/fd}},
month = {},
year = {},
note = {(Accessed on 01/25/2022)}
}
@misc{ParsingW23:online,
author = {},
title = {Parsing - Wikipedia},
howpublished = {\url{https://en.wikipedia.org/wiki/Parsing#Computational_methods}},
month = {},
year = {},
note = {(Accessed on 01/26/2022)}
}

@misc{ssardina20:online,
author = {},
title = {ssardina-planning/pypddl-translator: Domain and problem PDDL parser in Python3 using ply.},
howpublished = {\url{https://github.com/ssardina-planning/pypddl-translator}},
month = {},
year = {},
note = {(Accessed on 02/09/2022)}
}
@misc{hfoffani23:online,
author = {},
title = {hfoffani/pddl-lib: A PDDL library that parse PDDL files and provides a very simple interface to interact with domain-problems.},
howpublished = {\url{https://github.com/hfoffani/pddl-lib}},
month = {},
year = {},
note = {(Accessed on 02/09/2022)}
}
@misc{httpsarx9:online,
author = {},
title = {https://arxiv.org/pdf/1106.4561.pdf},
howpublished = {\url{https://arxiv.org/pdf/1106.4561.pdf}},
month = {},
year = {},
note = {(Accessed on 02/09/2022)}
}
@misc{pucrsaut37:online,
author = {},
title = {pucrs-automated-planning/pddl-parser: Classical Planning in Python},
howpublished = {\url{https://github.com/pucrs-automated-planning/pddl-parser}},
month = {},
year = {},
note = {(Accessed on 02/09/2022)}
}
@misc{1210488932:online,
author = {},
title = {1210.4889.pdf},
howpublished = {\url{https://arxiv.org/pdf/1210.4889.pdf}},
month = {},
year = {},
note = {(Accessed on 02/15/2022)}
}
@misc{AAAIPres94:online,
author = {},
title = {AAAI Press Formatting Instructions for Authors Using LaTeX -- A Guide},
howpublished = {\url{https://arxiv.org/pdf/1908.09800.pdf}},
month = {},
year = {},
note = {(Accessed on 02/16/2022)}
}
@Misc{pracmln,
    author =    {Daniel Nyga and Mareike Picklum and Michael Beetz and others},
    title =     {{pracmln} -- Markov logic networks in {Python}},
    year =      {2013--},
    url = "http://www.pracmln.org/",
    note = {[Online; accessed <date>]}
}
@misc{Markovra75:online,
author = {},
title = {Markov random field - Wikipedia},
howpublished = {\url{https://en.wikipedia.org/wiki/Markov_random_field}},
month = {},
year = {},
note = {(Accessed on 03/08/2022)}
}
@misc{mlj05pdf51:online,
author = {},
title = {mlj05.pdf},
howpublished = {\url{https://homes.cs.washington.edu/~pedrod/papers/mlj05.pdf}},
month = {},
year = {},
note = {(Accessed on 03/08/2022)}
}
@misc{pddl22:online,
author = {},
title = {total.dvi},
howpublished = {\url{https://gki.informatik.uni-freiburg.de/teaching/ws0607/aip/pddl2.2.pdf}},
month = {},
year = {},
note = {(Accessed on 03/13/2022)}
}
@misc{pddl21:online,
author = {},
title = {10352-Article Text-19128-1-10-20180216.pdf},
howpublished = {\url{file:///C:/Users/Octavio/Downloads/10352-Article%20Text-19128-1-10-20180216.pdf}},
month = {},
year = {},
note = {(Accessed on 03/13/2022)}
}
